<?xml version="1.0" encoding="UTF-8"?><collection xmlns="http://www.loc.gov/MARC21/slim"><record><leader>00310nam--2200121-i-4500</leader><controlfield tag="001">000004068</controlfield><controlfield tag="002">20161230</controlfield><controlfield tag="005">20161230201025</controlfield><controlfield tag="008">060222s1000------------r-----000-0-eng-d</controlfield><datafield ind1=" " ind2=" " tag="100"><subfield code="a">Berg, P.P</subfield></datafield><datafield ind1=" " ind2=" " tag="245"><subfield code="a">Probleme de precizia turnarii. sub redactia .. (uz intern)</subfield></datafield><datafield ind1=" " ind2=" " tag="260"><subfield code="a">Bucuresti, I.D.T. 84 P</subfield></datafield><datafield ind1=" " ind2=" " tag="852"><subfield code="a">1350</subfield></datafield></record></collection>